@article{esteban2019exploring,
  title={Exploring the druggable space around the Fanconi anemia pathway using machine learning and mechanistic models},
  author={Esteban-Medina, Marina and Pe{\~n}a-Chilet, Mar{\'\i}a and Loucera, Carlos and Dopazo, Joaqu{\'\i}n},
  journal={BMC bioinformatics},
  volume={20},
  pages={1--15},
  year={2019},
  publisher={BioMed Central}
}

@article{loucera2020drug,
  title={Drug repurposing for COVID-19 using machine learning and mechanistic models of signal transduction circuits related to SARS-CoV-2 infection},
  author={Loucera, Carlos and Esteban-Medina, Marina and Rian, Kinza and Falco, Mat{\'\i}as M and Dopazo, Joaqu{\'\i}n and Pe{\~n}a-Chilet, Mar{\'\i}a},
  journal={Signal transduction and targeted therapy},
  volume={5},
  number={1},
  pages={290},
  year={2020},
  publisher={Nature Publishing Group UK London}
}

@article{loucera2021real,
  title={Real world evidence of calcifediol or vitamin D prescription and mortality rate of COVID-19 in a retrospective cohort of hospitalized Andalusian patients},
  author={Loucera, Carlos and Pe{\~n}a-Chilet, Mar{\'\i}a and Esteban-Medina, Marina and Mu{\~n}oyerro-Mu{\~n}iz, Dolores and Villegas, Rom{\'a}n and Lopez-Miranda, Jose and Rodriguez-Ba{\~n}o, Jesus and T{\'u}nez, Isaac and Bouillon, Roger and Dopazo, Joaquin and others},
  journal={Scientific reports},
  volume={11},
  number={1},
  pages={23380},
  year={2021},
  publisher={Nature Publishing Group UK London}
}

@article{olivares2022spm,
  title={An SPM-enriched marine oil supplement shifted microglia polarization toward M2, ameliorating retinal degeneration in rd10 mice},
  author={Olivares-Gonz{\'a}lez, Lorena and Velasco, Sheyla and Gallego, Idoia and Esteban-Medina, Marina and Puras, Gustavo and Loucera, Carlos and Mart{\'\i}nez-Romero, Alicia and Pe{\~n}a-Chilet, Mar{\'\i}a and Pedraz, Jos{\'e} Luis and Rodrigo, Regina},
  journal={Antioxidants},
  volume={12},
  number={1},
  pages={98},
  year={2022},
  publisher={MDPI}
}

@article{esteban2024mechanistic,
  title={The mechanistic functional landscape of retinitis pigmentosa: a machine learning-driven approach to therapeutic target discovery},
  author={Esteban-Medina, Marina and Loucera, Carlos and Rian, Kinza and Velasco, Sheyla and Olivares-Gonz{\'a}lez, Lorena and Rodrigo, Regina and Dopazo, Joaquin and Pe{\~n}a-Chilet, Maria},
  journal={Journal of Translational Medicine},
  volume={22},
  number={1},
  pages={139},
  year={2024},
  publisher={BioMed Central London}
}

@article{loucera2023real,
  title={Real-world evidence with a retrospective cohort of 15,968 COVID-19 hospitalized patients suggests 21 new effective treatments},
  author={Loucera, Carlos and Carmona, Rosario and Esteban-Medina, Marina and Bostelmann, Gerrit and Mu{\~n}oyerro-Mu{\~n}iz, Dolores and Villegas, Rom{\'a}n and Pe{\~n}a-Chilet, Mar{\'\i}a and Dopazo, Joaqu{\'\i}n},
  journal={Virology Journal},
  volume={20},
  number={1},
  pages={226},
  year={2023},
  publisher={BioMed Central London}
}

@misc{olivares2022spm,
  title={An SPM-Enriched Marine Oil Supplement Shifted Microglia Polarization toward M2, Ameliorating Retinal Degeneration in rd10 Mice. Antioxidants 2023, 12, 98},
  author={Olivares-Gonz{\'a}lez, L and Velasco, S and Gallego, I and Esteban-Medina, M and Puras, G and Loucera, C and Mart{\'\i}nez-Romero, A and Pe{\~n}a-Chilet, M and Pedraz, JL and Rodrigo, R},
  year={2022}
}
